<?xml version="1.0" encoding="UTF-8"?><collection xmlns="http://www.loc.gov/MARC21/slim"><record><leader>00413nam--2200133-i-4500</leader><controlfield tag="001">000015647</controlfield><controlfield tag="002">20161230</controlfield><controlfield tag="005">20161230201031</controlfield><controlfield tag="008">060222s1000------------r-----000-0-eng-d</controlfield><datafield ind1=" " ind2=" " tag="080"><subfield code="a">621.375.826:535.35(043)</subfield></datafield><datafield ind1=" " ind2=" " tag="100"><subfield code="a">Bena, Eleonora-rodica</subfield></datafield><datafield ind1=" " ind2=" " tag="245"><subfield code="a">Studii asupra interactiei radiatiei laser cu cristale lichide.teza de doctorat</subfield></datafield><datafield ind1=" " ind2=" " tag="260"><subfield code="a">Bucuresti, Institutul Central De Fizica, 1986. 154 P</subfield></datafield><datafield ind1=" " ind2=" " tag="852"><subfield code="a">73290</subfield></datafield></record></collection>